@MISC {2556675,
    TITLE = {Find the sum of the series of $\frac{1}{1\cdot 3}+\frac{1}{3\cdot 5}+\frac{1}{5\cdot 7}+\frac{1}{7\cdot 9}+...$},
    AUTHOR = {Fghj (https://math.stackexchange.com/users/458544/fghj)},
    HOWPUBLISHED = {Mathematics Stack Exchange},
    NOTE = {URL:https://math.stackexchange.com/q/2556675 (version: 2017-12-08)},
    EPRINT = {https://math.stackexchange.com/q/2556675},
    URL = {https://math.stackexchange.com/q/2556675}
}