@book{zill2020advanced,
  title={Advanced engineering mathematics},
  author={Zill, Dennis G},
  year={2020},
  publisher={Jones \& Bartlett Publishers}
}